%-----------------------------------
%	MY References
%-----------------------------------

@article{Manzano_2020, %Daniel
  author={Manzano, D.},
  title={A short introduction to the Lindblad master equation},
  journal={AIP Adv.},
  volume={10},
  ISSN={2158-3226},
  url={http://dx.doi.org/10.1063/1.5115323},
  doi={10.1063/1.5115323},
  number={2},
  publisher={AIP Publishing},
  year={2020},
  month={2}
}