@article{Abramavicius2009,
  title        = {Coherent Multidimensional Optical Spectroscopy of Excitons in Molecular Aggregates; Quasiparticle versus Supermolecule Perspectives},
  author       = {Abramavicius, Darius and Palmieri, Benoit and Voronine, Dmitri V. and Šanda, František and Mukamel, Shaul},
  date         = {2009-06-16},
  journaltitle = {Chemical Reviews},
  shortjournal = {Chem. Rev.},
  volume       = {109},
  number       = {6},
  pages        = {2350--2408},
  issn         = {0009-2665},
  doi          = {10.1021/cr800268n},
  url          = {https://pubs.acs.org/doi/10.1021/cr800268n}
}

@article{Berera2009,
  title        = {Ultrafast Transient Absorption Spectroscopy: Principles and Application to Photosynthetic Systems},
  author       = {Berera, Rudi and van Grondelle, Rienk and Kennis, John T. M.},
  date         = {2009-09-01},
  journaltitle = {Photosynthesis Research},
  shortjournal = {Photosynth Res},
  volume       = {101},
  number       = {2-3},
  pages        = {105--118},
  issn         = {0166-8595, 1573-5079},
  doi          = {10.1007/s11120-009-9454-y},
  url          = {https://link.springer.com/10.1007/s11120-009-9454-y}
}

@article{Megerle2009,
  title        = {Sub-50 fs broadband absorption spectroscopy with tunable excitation: putting the analysis of ultrafast molecular dynamics on solid ground},
  author       = {Megerle, Uwe and Pugliesi, Igor and Schriever, Christian and Sailer, Christian F. and Riedle, Eberhard},
  date         = {2009-10-21},
  journaltitle = {Applied Physics B},
  shortjournal = {Appl. Phys. B},
  volume       = {96},
  number       = {2-3},
  pages        = {215--231},
  issn         = {0946-2171, 1432-0649},
  doi          = {10.1007/s00340-009-3610-0},
  url          = {https://link.springer.com/10.1007/s00340-009-3610-0}
}

@article{Mukamel2000,
  title        = {Multidimensional Femtosecond Correlation Spectroscopies of Electronic and Vibrational Excitations},
  author       = {Mukamel, Shaul},
  date         = {2000-06-01},
  journaltitle = {Annual Review of Physical Chemistry},
  shortjournal = {Annu. Rev. Phys. Chem.},
  volume       = {51},
  number       = {1},
  pages        = {691--729},
  issn         = {0066-426X},
  doi          = {10.1146/annurev.physchem.51.1.691},
  url          = {https://www.annualreviews.org/doi/10.1146/annurev.physchem.51.1.691}
}
