@article{AbramaviciusEtAl2009CoherentMultidimensionalOptical,
  author  = {Abramavicius, Darius and Palmieri, Benoit and Voronine, Dmitri V. and Šanda, František and Mukamel, Shaul},
  title   = {Coherent multidimensional optical spectroscopy of excitons in molecular aggregates; quasiparticle versus supermolecule perspectives},
  journal = {Chemical Reviews},
  volume  = {109},
  pages   = {2350--2408},
  year    = {2009},
  doi     = {10.1021/cr800268n}
}

@article{Berera2009,
  author  = {Berera, Rudi and van Grondelle, Rienk and Kennis, John T. M.},
  title   = {Ultrafast Transient Absorption Spectroscopy: Principles and Application to Photosynthetic Systems},
  journal = {Photosynthesis Research},
  volume  = {101},
  number  = {2-3},
  pages   = {105--118},
  year    = {2009},
  doi     = {10.1007/s11120-009-9454-y}
}

@book{Boyd2008,
  author    = {Boyd, Robert W.},
  title     = {Nonlinear Optics},
  publisher = {Academic Press},
  edition   = {3rd},
  year      = {2008}
}

@article{Bristow2011,
  author  = {Bristow, Alan D. and Karaiskaj, Denis and Dai, Xingcan and Zhang, Tianhao and Carlsson, Chris and Hagen, Kimberly R. and Jimenez, Ralph and Cundiff, Steven T.},
  title   = {A versatile ultrastable platform for optical multidimensional Fourier-transform spectroscopy},
  journal = {Review of Scientific Instruments},
  volume  = {80},
  pages   = {073108},
  year    = {2009},
  doi     = {10.1063/1.3184103}
}

@article{Brixner2005,
  author  = {Brixner, Tobias and Stenger, Jens and Vaswani, Harsha M. and Cho, Minhaeng and Blankenship, Robert E. and Fleming, Graham R.},
  title   = {Two-dimensional spectroscopy of electronic couplings in photosynthesis},
  journal = {Nature},
  volume  = {434},
  pages   = {625--628},
  year    = {2005},
  doi     = {10.1038/nature03429}
}

@book{Cho2009TwodimensionalOpticalSpectroscopy,
  author    = {Cho, Minhaeng},
  title     = {Two-Dimensional Optical Spectroscopy},
  publisher = {CRC Press},
  year      = {2009}
}

@article{Engel2007,
  author  = {Engel, Gregory S. and Calhoun, Tessa R. and Read, Elizabeth L. and Ahn, Tae-Kyu and Mančal, Tomáš and Cheng, Yuan-Chung and Blankenship, Robert E. and Fleming, Graham R.},
  title   = {Evidence for wavelike energy transfer through quantum coherence in photosynthetic systems},
  journal = {Nature},
  volume  = {446},
  pages   = {782--786},
  year    = {2007},
  doi     = {10.1038/nature05678}
}

@article{Fayer2009,
  author  = {Fayer, Michael D.},
  title   = {Dynamics of Liquids, Molecules, and Proteins Measured with Ultrafast 2D IR Vibrational Echo Chemical Exchange Spectroscopy},
  journal = {Annual Review of Physical Chemistry},
  volume  = {60},
  pages   = {21--38},
  year    = {2009},
  doi     = {10.1146/annurev-physchem-073108-112712}
}

@book{Feynman1965,
  author    = {Feynman, Richard P. and Leighton, Robert B. and Sands, Matthew},
  title     = {The Feynman Lectures on Physics, Volume II: Mainly Electromagnetism and Matter},
  publisher = {Addison-Wesley},
  year      = {1965},
  edition   = {1st},
  chapter   = {31},
  pages     = {31-1--31-11}
}

@article{Fuller2015,
  author  = {Fuller, Franklin D. and Pan, Jun and Gelzinis, Andrius and Butkus, Vytautas and Senlik, Sukru S. and Wilcox, Daniel E. and Yocum, Charles F. and Valkunas, Leonas and Abramavicius, Darius and Ogilvie, Jennifer P.},
  title   = {Vibronic coherence in oxygenic photosynthesis},
  journal = {Nature Chemistry},
  volume  = {6},
  pages   = {706--711},
  year    = {2014},
  doi     = {10.1038/nchem.2005}
}

@book{Hamm2011,
  author    = {Hamm, Peter and Zanni, Martin},
  title     = {Concepts and Methods of 2D Infrared Spectroscopy},
  publisher = {Cambridge University Press},
  year      = {2011}
}

@article{Hybl1998,
  author  = {Hybl, John D. and Albrecht, Allison W. and Gallagher Faeder, Sarah M. and Jonas, David M.},
  title   = {Two-dimensional electronic spectroscopy},
  journal = {Chemical Physics Letters},
  volume  = {297},
  pages   = {307--313},
  year    = {1998},
  doi     = {10.1016/S0009-2614(98)01140-3}
}

@article{Jonas2003,
  author  = {Jonas, David M.},
  title   = {Two-dimensional femtosecond spectroscopy},
  journal = {Annual Review of Physical Chemistry},
  volume  = {54},
  pages   = {425--463},
  year    = {2003},
  doi     = {10.1146/annurev.physchem.54.011002.103907}
}

@article{Khalil2003,
  author  = {Khalil, Munira and Demirdöven, Nurettin and Tokmakoff, Andrei},
  title   = {Coherent 2D IR Spectroscopy: Molecular Structure and Dynamics in Solution},
  journal = {Journal of Physical Chemistry A},
  volume  = {107},
  pages   = {5258--5279},
  year    = {2003},
  doi     = {10.1021/jp0219247}
}

@online{Krumland2023,
  title       = {Two-Dimensional Electronic Spectroscopy from First Principles},
  author      = {Krumland, Jannis and Guerrini, Michele and Sio, Antonietta De and Lienau, Christoph and Cocchi, Caterina},
  date        = {2023-10-27},
  eprint      = {2308.09062},
  eprinttype  = {arXiv},
  eprintclass = {cond-mat},
  doi         = {10.48550/arXiv.2308.09062},
  url         = {http://arxiv.org/abs/2308.09062}
}

@article{Lepetit1995,
  author  = {Lepetit, Lionel and Chériaux, Gilles and Joffre, Manuel},
  title   = {Linear techniques of phase measurement by femtosecond spectral interferometry for applications in spectroscopy},
  journal = {Journal of the Optical Society of America B},
  volume  = {12},
  pages   = {2467--2474},
  year    = {1995},
  doi     = {10.1364/JOSAB.12.002467}
}

@article{Megerle2009,
  author  = {Megerle, Uwe and Pugliesi, Igor and Schriever, Christian and Sailer, Christian F. and Riedle, Eberhard},
  title   = {Sub-50 fs broadband absorption spectroscopy with tunable excitation: putting the analysis of ultrafast molecular dynamics on solid ground},
  journal = {Applied Physics B},
  volume  = {96},
  number  = {2-3},
  pages   = {215--231},
  year    = {2009},
  doi     = {10.1007/s00340-009-3610-0}
}

@book{Mukamel1995,
  author    = {Mukamel, Shaul},
  title     = {Principles of Nonlinear Optical Spectroscopy},
  publisher = {Oxford University Press},
  year      = {1995}
}

@book{Mukamel1995PrinciplesNonlinearOptical,
  author    = {Mukamel, Shaul},
  title     = {Principles of Nonlinear Optical Spectroscopy},
  publisher = {Oxford University Press},
  edition   = {2nd},
  year      = {1999}
}

@article{Mukamel2000,
  author  = {Mukamel, Shaul},
  title   = {Multidimensional Femtosecond Correlation Spectroscopies of Electronic and Vibrational Excitations},
  journal = {Annual Review of Physical Chemistry},
  volume  = {51},
  number  = {1},
  pages   = {691--729},
  year    = {2000},
  doi     = {10.1146/annurev.physchem.51.1.691}
}

@article{Murray1978,
  author  = {Murray, C. A. and Greytak, T. J.},
  title   = {Stimulated Raman scattering and gain measurements in molecular gases},
  journal = {Journal of Chemical Physics},
  volume  = {69},
  pages   = {2765--2773},
  year    = {1978},
  doi     = {10.1063/1.436874}
}

@article{Scheurer2001,
  author  = {Scheurer, C. and Mukamel, S.},
  title   = {Design strategies for pulse sequences in multidimensional optical spectroscopies},
  journal = {Journal of Chemical Physics},
  volume  = {115},
  pages   = {4989--5004},
  year    = {2001},
  doi     = {10.1063/1.1391266}
}

@article{Schlau-Cohen2011,
  author  = {Schlau-Cohen, Gabriela S. and Ishizaki, Akihito and Fleming, Graham R.},
  title   = {Two-dimensional electronic spectroscopy and photosynthesis: Fundamentals and applications to photosynthetic light-harvesting},
  journal = {Chemical Physics},
  volume  = {386},
  pages   = {1--22},
  year    = {2011},
  doi     = {10.1016/j.chemphys.2011.04.025}
}

@article{Shim2009,
  author  = {Shim, Sang-Hee and Zanni, Martin T.},
  title   = {How to turn your pump-probe instrument into a multidimensional spectrometer: 2D IR and Vis spectroscopies via pulse shaping},
  journal = {Physical Chemistry Chemical Physics},
  volume  = {11},
  pages   = {748--761},
  year    = {2009},
  doi     = {10.1039/b813817f}
}

@article{Tan2008,
  author  = {Haiyan Tan and Shaul Mukamel},
  title   = {Coherent Multidimensional Optical Probes for Electronic and Vibrational Excitations: Principles and Applications},
  journal = {Journal of Chemical Physics},
  year    = {2008},
  volume  = {129},
  number  = {12},
  pages   = {124505},
  doi     = {10.1063/1.2978177}
}

@article{TanimuraMukamel1993TwodimensionalFemtosecondVibrational,
  author  = {Tanimura, Y. and Kubo, R.},
  title   = {Time Evolution of a Quantum System in Contact with a Nearly Gaussian-Markoffian Noise Bath},
  journal = {Journal of the Physical Society of Japan},
  volume  = {58},
  pages   = {101--114},
  year    = {1989},
  doi     = {10.1143/JPSJ.58.101}
}

@article{Tian2003,
  author  = {Tian, P. and Keusters, D. and Suzaki, Y. and Warren, W. S.},
  title   = {Femtosecond Phase-Coherent Two-Dimensional Spectroscopy},
  journal = {Science},
  volume  = {300},
  pages   = {1553--1555},
  year    = {2003},
  doi     = {10.1126/science.1083433}
}

@article{Yan2009,
  author  = {Yuqing Yan and Shaul Mukamel},
  title   = {Phase Cycling Techniques in Multidimensional Optical Spectroscopy},
  journal = {Journal of Chemical Physics},
  year    = {2009},
  volume  = {130},
  number  = {23},
  pages   = {234111},
  doi     = {10.1063/1.3159672}
}
